@BOOK{
    foo2,
    AUTHOR = "Mrs. Foo",
    TITLE = "The Dawn of Foo",
    PUBLISHER = {Foo Wonderland Journals},
    ADDRESS = {Foo Boulevard},
    YEAR = 2015
}
