@BOOK{
    foo,
    AUTHOR = "Mr. Foo",
    TITLE = "The Adventures of Foo",
    PUBLISHER = {Foo Wonderland Journals},
    ADDRESS = {Foo Boulevard},
    YEAR = 2015
}
